% Encoding: UTF-8

@InProceedings{vmext17,
  author    = {Moritz Schubotz and Norman Meuschke and Thomas Hepp and Howard S. Cohl and Bela Gipp},
  title     = {{VMEXT:} {A} Visualization Tool for Mathematical Expression Trees},
  booktitle = {Intelligent Computer Mathematics - 10th International Conference, {CICM} 2017, Edinburgh, UK, July 17-21, 2017, Proceedings},
  year      = {2017},
  editor    = {Herman Geuvers and Matthew England and Osman Hasan and Florian Rabe and Olaf Teschke},
  volume    = {10383},
  series    = {Lecture Notes in Computer Science},
  pages     = {340--355},
  publisher = {Springer},
  bibsource = {dblp computer science bibliography, http://dblp.org},
  biburl    = {http://dblp.uni-trier.de/rec/bib/conf/mkm/SchubotzMHCG17},
  doi       = {10.1007/978-3-319-62075-6_24},
  timestamp = {Wed, 28 Jun 2017 13:10:13 +0200},
  url       = {https://doi.org/10.1007/978-3-319-62075-6_24},
}

@Comment{jabref-meta: databaseType:bibtex;}
